@misc{durisi21ssy210,
  author        = {Giuseppe Durisi},
  title         = {Lecture notes in {SSY210}-{I}nformation {T}heory, {C}halmers {U}niversity of {T}echnology},
  month         = {19th May},
  year          = {2021}
}

@misc{moser2023information,
  title={Information theory: Lecture notes (version 6.12 from 222 {M}arch 2023, {PDF}), 6th edition, {ETH} {ZÃ¼}rich},
  author={Moser, Stefan M},
  year={2023}
}

@book{cover2005elements,
  title={Elements of information theory, 2th edition},
  author={Cover, Thomas M. and Thomas, Joy A.},
  year={2005},
  publisher={John Wiley \& Sons}
}